
@inproceedings{larva,
  author    = {Christian Colombo and
               Gordon J. Pace and
               Gerardo Schneider},
  title     = {Dynamic Event-Based Runtime Monitoring of Real-Time and
               Contextual Properties},
  booktitle = {Formal Methods for Industrial Critical Systems (FMICS)},
  year      = {2008},
  pages     = {135-149},
  series    = {Lecture Notes in Computer Science},
  address   = {L'Aquila, Italy},
  volume    = {5596}
}


@article{untimed,
  author    = {Mar{\'{\i}}a{-}Emilia Cambronero and
               Luis Llana and
               Gordon J. Pace},
  title     = {A Calculus Supporting Contract Reasoning and Monitoring},
  journal   = {{IEEE} Access},
  volume    = {5},
  pages     = {6735--6745},
  year      = {2017},
  url       = {https://doi.org/10.1109/ACCESS.2017.2696577},
  doi       = {10.1109/ACCESS.2017.2696577},
  timestamp = {Wed, 14 Jun 2017 20:31:48 +0200},
  biburl    = {http://dblp.uni-trier.de/rec/bib/journals/access/CambroneroLP17},
  bibsource = {dblp computer science bibliography, http://dblp.org}
}

@inproceedings{tcc,
  title={A Timed Contract-Calculus},
  author = {Mar\'ia Emilia Cambronero and Luis Llana and Gordon J. Pace},
  booktitle = {Submitted paper},
  year = 2018
}